@article{einstein,
    author =       "Albert Einstein",
    title =        "{Zur Elektrodynamik bewegter K{\"o}rper}. ({German})
        [{On} the electrodynamics of moving bodies]",
    journal =      "Annalen der Physik",
    volume =       "322",
    number =       "10",
    pages =        "891--921",
    year =         "1905",
    DOI =          "http://dx.doi.org/10.1002/andp.19053221004"
}

@book{latexcompanion,
    author    = "Michel Goossens and Frank Mittelbach and Alexander Samarin",
    title     = "The \LaTeX\ Companion",
    year      = "1993",
    publisher = "Addison-Wesley",
    address   = "Reading, Massachusetts"
}

@misc{knuthwebsite,
    author    = "Donald Knuth",
    title     = "Knuth: Computers and Typesetting",
    url       = "http://www-cs-faculty.stanford.edu/\~{}uno/abcde.html"
}

@article{Poulsen1,
    author =       "T. Poulsen",
    title =        "Influence of session length on judged annoyance",
    journal =      "Journal of Sound and Vibration",
    volume =       "145",
    number =       "2",
    pages =        "217-224",
    year =         "1991"
}

@article{Ryherd2007,
    author =       "E.E. Ryherd and L.M. Wang",
    title =        "Effects of exposure duration and type of task on subjective performance and perception in noise",
    journal =      "Noise Control Engineering Journal",
    volume =       "55",
    number =       "3",
    pages =        "334-347",
    year =         "2007"
}

@article{Tang2006,
    author =       "Q. Tang and S. Liu and F.G. Zeng",
    title =        "Loudness adaptation in acoustic and electric hearing. Journal of the Association for Research in Otolaryngology",
    journal =      "Journal of the Association for Research in Otolaryngology",
    volume =       "7",
    number =       "1",
    pages =        "59-70",
    year =         "2006"
}

@inproceedings{May96,
    author =  "P. May and P. Davies and J.S. Bolton",
    title =  "Correlations between objective and subjective evaluations of refrigerator noise",
    journal = "Proceedings of INTER-NOISE 96",
    pages = "2257-2260",
    year = "1996",
    month =  "July-August",
    address = "Liverpool, UK"
    }

@book{Zwicker_Fastl_2006,
    author    = "E. Zwicker and H. Fastl",
    title     = "Psychoacoustics - Facts and Models",
    year      = "2006",
    publisher = "Springer",
    address   = "Berlin, Germany"
}

@techreport{ANSI_S3_4,
    author = "ANSI/ASA",
    type = {Standard},
    institution    = "American National Standards Institute/Acoustical Society of America",
    title  = "Procedure for the Computation of Steady State Sounds",
    language = {en},
    number = "S3-4:2007",
    year = "2007"
}

@article{dodson2022does,
  title={Does Using Corsi--Rosenthal Boxes to Mitigate COVID-19 Transmission Also Reduce Indoor Air Concentrations of PFAS and Phthalates?},
  author={Dodson, Robin E and Manz, Katherine E and Burks, Shaunessey R and Gairola, Richa and Lee, Nina F and Liu, Yun and Pennell, Kurt D and Walker, Erica D and Braun, Joseph M},
  journal={Environmental Science \& Technology},
  year={2022},
  publisher={ACS Publications}
}

@article{zhao2020air,
  title={Air purifiers: A supplementary measure to remove airborne SARS-CoV-2},
  author={Zhao, Bin and Liu, Yumeng and Chen, Chen},
  journal={Building and Environment},
  volume={177},
  pages={106918},
  year={2020},
  publisher={Elsevier}
}

@misc{rosenthal2022variation,
  title={A variation on the “box fan with merv 13 filter” air cleaner},
  author={Rosenthal, J},
  year={2022}
}

@article{dal2022characterizing,
  title={Characterizing the performance of a do-it-yourself (DIY) box fan air filter},
  author={Dal Porto, Rachael and Kunz, Monet N and Pistochini, Theresa and Corsi, Richard L and Cappa, Christopher D},
  journal={Aerosol Science and Technology},
  volume={56},
  number={6},
  pages={564--572},
  year={2022},
  publisher={Taylor \& Francis}
}

@article{mousavi2020covid,
  title={COVID-19 outbreak and hospital air quality: a systematic review of evidence on air filtration and recirculation},
  author={Mousavi, Ehsan S and Kananizadeh, Negin and Martinello, Richard A and Sherman, Jodi D},
  journal={Environmental science \& technology},
  volume={55},
  number={7},
  pages={4134--4147},
  year={2020},
  publisher={ACS Publications}
}

@techreport{S12.57-2011,
    author={ANSI/ASA},
    type = {Standard},
    institution    = "American National Standards Institute/Acoustical Society of America",
    title={Acoustics - Determination of sound power levels and sound energy levels of noise sources using sound pressure - Engineering/survey methods for use in situ in a reverberant environment},
    publisher = {Accredited Standards Committee}
    year={2011},
    number={S12-57:2011}
}

@techreport{S12.54-2011,
    author = "ANSI/ASA",
    type = {Standard},
    institution    = "American National Standards Institute/Acoustical Society of America",
    title={Acoustics - Determination of sound  power levels of noise sources using sound pressure - Engineering method in an essentially  free field over a reflecting plane},
    publisher = {Accredited Standards Committee}
    year={1999},
    number={S12-54:1999}
}

@book{NIOSH,
    author    = "National Institute for Occupational Safety and Health",
    title     = "Occupational Noise Exposure: Criteria for a Recommended Standard",
    year      = "1998",
    publisher = "US Department of Health and Human Services, Public Health Service, Centers for Disease Control and Prevention, National Institute for Occupational Safety and Health"
}

@article{houtgast1980predicting,
  title={Predicting speech intelligibility in rooms from the modulation transfer function. I. General room acoustics},
  author={Houtgast, TAMMO and Steeneken, Herman JM and Plomp, Reinier},
  journal={Acta Acustica united with Acustica},
  volume={46},
  number={1},
  pages={60--72},
  year={1980},
  publisher={S. Hirzel Verlag}
}

@article{kardous2015sound,
  title={Do sound meter apps measure noise levels accurately?},
  author={Kardous, Chucri A and Shaw, Peter B},
  journal={Sound and Vibration},
  volume={49},
  number={7},
  pages={10--13},
  year={2015},
  publisher={TECH SCIENCE PRESS 871 CORONADO CENTER DR, SUTE 200, HENDERSON, NV 89052 USA}
}

@article{kardous2014evaluation,
  title={Evaluation of smartphone sound measurement applications},
  author={Kardous, Chucri A and Shaw, Peter B},
  journal={The Journal of the Acoustical Society of America},
  volume={135},
  number={4},
  pages={EL186--EL192},
  year={2014},
  publisher={Acoustical Society of America}
}

@article{kardous2016evaluation,
  title={Evaluation of smartphone sound measurement applications (apps) using external microphones—A follow-up study},
  author={Kardous, Chucri A and Shaw, Peter B},
  journal={The Journal of the acoustical society of America},
  volume={140},
  number={4},
  pages={EL327--EL333},
  year={2016},
  publisher={Acoustical Society of America}
}